@article{lecun2015deep,
  title={Deep learning},
  author={LeCun, Yann and Bengio, Yoshua and Hinton, Geoffrey},
  journal={nature},
  volume={521},
  number={7553},
  pages={436--444},
  year={2015},
  publisher={Nature Publishing Group}
}

@article{vapnik1999overview,
  title={An overview of statistical learning theory},
  author={Vapnik, Vladimir N},
  journal={IEEE transactions on neural networks},
  volume={10},
  number={5},
  pages={988--999},
  year={1999},
  publisher={IEEE}
}

@book{goodfellow2016deep,
  title={Deep learning},
  author={Goodfellow, Ian and Bengio, Yoshua and Courville, Aaron},
  year={2016},
  publisher={MIT press}
}

@inproceedings{lecun1995comparison,
  title={Comparison of learning algorithms for handwritten digit recognition},
  author={LeCun, Yann and Jackel, LD and Bottou, Leon and Brunot, A and Cortes, Corinna and Denker, JS and Drucker, Harris and Guyon, I and Muller, UA and Sackinger, Eduard and others},
  booktitle={International conference on artificial neural networks},
  volume={60},
  pages={53--60},
  year={1995},
  organization={Perth, Australia}
}

@article{lecun1998gradient,
  title={Gradient-based learning applied to document recognition},
  author={LeCun, Yann and Bottou, L{\'e}on and Bengio, Yoshua and Haffner, Patrick},
  journal={Proceedings of the IEEE},
  volume={86},
  number={11},
  pages={2278--2324},
  year={1998},
  publisher={Ieee}
}

@article{kingma2014adam,
  title={Adam: A method for stochastic optimization},
  author={Kingma, Diederik P and Ba, Jimmy},
  journal={arXiv preprint arXiv:1412.6980},
  year={2014}
}

@inproceedings{krizhevsky2012imagenet,
  title={Imagenet classification with deep convolutional neural networks},
  author={Krizhevsky, Alex and Sutskever, Ilya and Hinton, Geoffrey E},
  booktitle={Advances in neural information processing systems},
  pages={1097--1105},
  year={2012}
}

@article{goodfellow2013multi,
  title={Multi-digit number recognition from street view imagery using deep convolutional neural networks},
  author={Goodfellow, Ian J and Bulatov, Yaroslav and Ibarz, Julian and Arnoud, Sacha and Shet, Vinay},
  journal={arXiv preprint arXiv:1312.6082},
  year={2013}
}

@article{dahl2011context,
  title={Context-dependent pre-trained deep neural networks for large-vocabulary speech recognition},
  author={Dahl, George E and Yu, Dong and Deng, Li and Acero, Alex},
  journal={IEEE Transactions on audio, speech, and language processing},
  volume={20},
  number={1},
  pages={30--42},
  year={2011},
  publisher={IEEE}
}

@book{hastie2009elements,
  title={The elements of statistical learning: data mining, inference, and prediction},
  author={Hastie, Trevor and Tibshirani, Robert and Friedman, Jerome},
  year={2009},
  publisher={Springer Science \& Business Media}
}

@article{srivastava2014dropout,
  title={Dropout: a simple way to prevent neural networks from overfitting},
  author={Srivastava, Nitish and Hinton, Geoffrey and Krizhevsky, Alex and Sutskever, Ilya and Salakhutdinov, Ruslan},
  journal={The journal of machine learning research},
  volume={15},
  number={1},
  pages={1929--1958},
  year={2014},
  publisher={JMLR. org}
}

@techreport{rycroft2009voro++,
  title={Voro++: A three-dimensional Voronoi cell library in C++},
  author={Rycroft, Chris},
  year={2009},
  institution={Lawrence Berkeley National Lab.(LBNL), Berkeley, CA (United States)}
}

@article{silver2016mastering,
  title={Mastering the game of Go with deep neural networks and tree search},
  author={Silver, David and Huang, Aja and Maddison, Chris J and Guez, Arthur and Sifre, Laurent and Van Den Driessche, George and Schrittwieser, Julian and Antonoglou, Ioannis and Panneershelvam, Veda and Lanctot, Marc and others},
  journal={nature},
  volume={529},
  number={7587},
  pages={484},
  year={2016},
  publisher={Nature Publishing Group}
}

@article{devlin2018bert,
  title={Bert: Pre-training of deep bidirectional transformers for language understanding},
  author={Devlin, Jacob and Chang, Ming-Wei and Lee, Kenton and Toutanova, Kristina},
  journal={arXiv preprint arXiv:1810.04805},
  year={2018}
}

@article{carleo2017solving,
  title={Solving the quantum many-body problem with artificial neural networks},
  author={Carleo, Giuseppe and Troyer, Matthias},
  journal={Science},
  volume={355},
  number={6325},
  pages={602--606},
  year={2017},
  publisher={American Association for the Advancement of Science}
}

@book{vapnik2013nature,
  title={The nature of statistical learning theory},
  author={Vapnik, Vladimir},
  year={2013},
  publisher={Springer science \& business media}
}

@book{everitt2002cambridge,
  title={The Cambridge dictionary of statistics},
  author={Everitt, Brian and Skrondal, Anders},
  volume={106},
  year={2002},
  publisher={Cambridge University Press Cambridge}
}

@inproceedings{tikhonov1963solution,
  title={On the solution of ill-posed problems and the method of regularization},
  author={Tikhonov, Andrei Nikolaevich},
  booktitle={Doklady Akademii Nauk},
  volume={151},
  number={3},
  pages={501--504},
  year={1963},
  organization={Russian Academy of Sciences}
}

@article{hoerl1970ridge,
  title={Ridge regression: Biased estimation for nonorthogonal problems},
  author={Hoerl, Arthur E and Kennard, Robert W},
  journal={Technometrics},
  volume={12},
  number={1},
  pages={55--67},
  year={1970},
  publisher={Taylor \& Francis Group}
}

@article{rosenblatt1958perceptron,
  title={The perceptron: a probabilistic model for information storage and organization in the brain.},
  author={Rosenblatt, Frank},
  journal={Psychological review},
  volume={65},
  number={6},
  pages={386},
  year={1958},
  publisher={American Psychological Association}
}

@inproceedings{lecun1990handwritten,
  title={Handwritten digit recognition with a back-propagation network},
  author={LeCun, Yann and Boser, Bernhard E and Denker, John S and Henderson, Donnie and Howard, Richard E and Hubbard, Wayne E and Jackel, Lawrence D},
  booktitle={Advances in neural information processing systems},
  pages={396--404},
  year={1990}
}

@inproceedings{tan2018survey,
  title={A survey on deep transfer learning},
  author={Tan, Chuanqi and Sun, Fuchun and Kong, Tao and Zhang, Wenchang and Yang, Chao and Liu, Chunfang},
  booktitle={International conference on artificial neural networks},
  pages={270--279},
  year={2018},
  organization={Springer}
}

@inproceedings{cirecsan2012transfer,
  title={Transfer learning for Latin and Chinese characters with deep neural networks},
  author={Cire{\c{s}}an, Dan C and Meier, Ueli and Schmidhuber, J{\"u}rgen},
  booktitle={The 2012 International Joint Conference on Neural Networks (IJCNN)},
  pages={1--6},
  year={2012},
  organization={IEEE}
}

@article{chang2017unsupervised,
  title={Unsupervised transfer learning via multi-scale convolutional sparse coding for biomedical applications},
  author={Chang, Hang and Han, Ju and Zhong, Cheng and Snijders, Antoine M and Mao, Jian-Hua},
  journal={IEEE transactions on pattern analysis and machine intelligence},
  volume={40},
  number={5},
  pages={1182--1194},
  year={2017},
  publisher={IEEE}
}

@article{george2018deep,
  title={Deep Learning for real-time gravitational wave detection and parameter estimation: Results with Advanced LIGO data},
  author={George, Daniel and Huerta, EA},
  journal={Physics Letters B},
  volume={778},
  pages={64--70},
  year={2018},
  publisher={Elsevier}
}

@article{gotmare2018closer,
  title={A closer look at deep learning heuristics: Learning rate restarts, warmup and distillation},
  author={Gotmare, Akhilesh and Keskar, Nitish Shirish and Xiong, Caiming and Socher, Richard},
  journal={arXiv preprint arXiv:1810.13243},
  year={2018}
}

@inproceedings{glorot2010understanding,
  title={Understanding the difficulty of training deep feedforward neural networks},
  author={Glorot, Xavier and Bengio, Yoshua},
  booktitle={Proceedings of the thirteenth international conference on artificial intelligence and statistics},
  pages={249--256},
  year={2010}
}

@inproceedings{nair2010rectified,
  title={Rectified linear units improve restricted boltzmann machines},
  author={Nair, Vinod and Hinton, Geoffrey E},
  booktitle={ICML},
  year={2010}
}

@article{clevert2015fast,
  title={Fast and accurate deep network learning by exponential linear units (elus)},
  author={Clevert, Djork-Arn{\'e} and Unterthiner, Thomas and Hochreiter, Sepp},
  journal={arXiv preprint arXiv:1511.07289},
  year={2015}
}